@unpublished{EKN2016,
author = {Jonathan Eaton and Sam Kortum and Brent Neiman},
title={Illustrating the Methodology in EKNR (2016): Some Simple Examples},
year=2016}

@unpublished{CharlesKorteweg2020,
	Author = {Constantin Charles and Arthur Korteweg},
    Title = {Leverage and Expected Returns},
	note = {Working paper, University of Southern California},
	Year = 2020}	

@article{AcharyaSchaeferZhang:2008,
author={Viral Acharya and Stephen Schaefer and Yili Zhang},
title={{Liquidity risk and correlation risk: A clinical study of the General Motors and Ford downgrade of May 2005}},
journal={Working Paper, London Business School},
month=August,
year=2008}

@article{BaiGoldsteinYang:2020,
author={Jennie Bai and Robert Goldstein and Fan Yang},
title={{Is the Credit Spread Puzzle a Myth?}},
journal={Journal of Financial Economics},
year=2020,
number=137,
pages={297--319}}

@article{FeldhutterSchaefer:2018,
	author={Peter Feldh{\"{u}}tter and Stephen Schaefer},
	title={{The Myth of the Credit Spread Puzzle}},
	journal={Review of Financial Studies},
	volume=8,
	year=2018,
	pages={2897-2942}}

@article{ChavaPurnanandam2010,
author = {Sudheer Chava and Amiyatosh Purnanandam},
title={Is Default Risk Negatively Related to Stock Returns},
journal={Review of Financial Studies},
year=2010,
volume=23,
number=6,
pages=2523--2559}

@article{GS2010,
author = {Joao F. Gomes and Lukas Schmid},
title={Levered Returns},
journal={Journal of Finance},
year=2010,
volume=65,
number=2,
pages=467--494}

@article{HuangHuang:2012,
author={{Jing-zhi} Huang and Ming Huang},
title={{How Much of the Corporate-Treasury Yield Spread is Due to Credit Risk?}},
journal={Review of Asset Pricing Studies},
volume=2,
number=2,
year=2012,
pages={153--202}}

@article{ChenDufresneGoldstein:2009,
author    = {Long Chen and Pierre Collin-Dufresne and Robert S. Goldstein},
title     = {{On the relation between the credit spread puzzle and the equity premium puzzle}},
journal   = {Review of Financial Studies},
year      = 2009,
volume    = 22,
pages     = {3367--3409}}

@article{doshi2019,
author ={Hitesh Doshi and Kris Jacobs and Praveen Kumar and Ramon Rabinovitch},
title={Leverage and the Cross-Section of Equity Returns},
journal={Journal of Finance},
year=2019,
volume=74,
number=3,
pages=1431--1471}

@article{Moody:2015,
author={{Moody's}},
title={{Annual Default Study: Corporate Default and Recovery Rates, 1920-2014}},
journal={Moody's Investors Service},
year=2015,
month=March,
pages={1--63}}


@article{SWY2015,
	Author = {Suresh Sundaresan and Neng Wang and Jinqiang Yang},
    Title = {Dynamic investment, capital structure, and debt overhang},
	Journal = {Review of Corporate Finance Studies},
	Number = {1},
	Pages = { 1-42},
	Year = 2015}



@article{Gomes2001,
	Author = {Joao F. Gomes},
    Title = {Financing Investment},
	Journal = {American Economic Review},
	Number = {91},
	Pages = { 1263-85},
	Year = 2001}

@article{Ozdagli2012,
	Author = {Ali Ozdagli},
    Title = {Financial Leverage, Corporate Investment, and Stock Returns},
	Journal = {Review of Financial Studies},
	Number = {25},
	Pages = {1033 --1069},
	Year = 2012}



@article{GilchristHimmelberg1998,
	Author = {Simon Gilchrist and Charles Himmelberg},
    Title = {Investment: Fundamentals and Finance},
	Journal = {NBER Macroeconomics Annual },
	Number={13},
	Pages = {223-274},
	Year = 1998}


@article{Merton1974,
	Author = {Robert C. Merton},
    Title = {On the pricing of corporate debt: the risk structure of interest rates},
	Journal = {Journal of Finance},
	Number = {29},
	Pages = {449-470},
	Year = 1974}
	
@article{AtkesonEisfeldtWeill2017,
	Author = {Andrew Atkeson and Andrea Eisfeldt and Pierre-Olivier Weill},
    Title = {Measuring the Financial Soundness of US Firms 1926-2012},
	Journal = {Research in Economics},
	Number = {71},
	Pages = {613-635},
	Year = 2017}
	
@article{BharathShumway2008,
	Author = {Sreedhar T. Bharath and Tyler Shumway},
    Title = {Forecasting default with the Merton distance to default model},
	Journal = {Review of Financial Studies},
	Number = {21},
	Pages = {1339-1369},
	Year = 2008}
	
@article{Shumway2001,
	Author = {Tyler Shumway},
    Title = {Forecasting bankruptcy more accurately: A simple hazard model},
	Journal = {Journal of Business},
	Number = {74},
	Pages = {101-124},
	Year = 2001}
	
@article{Philippon2009,
	Author = {Thomas Philippon},
    Title = {The bond market' q},
	Journal = {Quarterly Journal of Economics},
	Number = {124},
	Pages = {1011-1056},
	Year = 2009}
	
@article{BayhaghiEhsani2017,
	Author = {Medi Beyhaghi and Sina Ehsani},
    Title = {The Cross-Section of Expected Returns in the Secondary Corporate Loan Market},
	Journal = {Review of Asset Pricing Studies},
	Number = {2},
	Pages = {243-277},
	Year = 2017}
	
@article{FazzariHubbardPetersen1988,
	Author = {Steven M. Fazzari and Glenn R. Hubbard and Bruce C. Petersen},
    Title = {Financing constraints and corporate investment},
	Journal = {Brookings Paper on Economic Activity},
	Number = {1},
	Pages = {141-206},
	Year = 1988}

@article{FamaFrench1992,
	Author = {Eugene Fama and Kenneth French},
    Title = {The Cross Section of Expected Stock Returns},
	Journal = {Journal of Finance},
	Number = {47},
	Pages = {427-465},
	Year = 1992}

@article{BerkGreenNaik1999,
	Author = {Jonathan Berk and Richard Green and  Vasant Naik},
    Title = {Optimal Investment, Growth Options, and Security Returns},
	Journal = {Journal of Finance},
	Number = {54},
	Pages = {1553-1607},
	Year = 1999}

@article{Carlson2004,
	Author = {Murray Carlson and Adlai Fisher and Ron Giammarino},
    Title = {Optimal Investment, Growth Options, and Security Returns},
	Journal = {Journal of Finance},
	Number = {59},
	Pages = {2577-2603},
	Year = 2004}

@article{Zhang2005,
	Author = {Lu Zhang},
    Title = {The Value Premium},
	Journal = {Journal of Finance},
	Number = {60},
	Pages = {67-103},
	Year = 2005}

@article{Strebulaev2007,
	Author = {Ilya Strebulaev},
    Title = {Do Tests of Capital Structure Theory Mean What They Say?},
	Journal = {Journal of Finance},
   Number = {62},
	Number = {4},
	Pages = {1747-1788},
	Year = 2007}

@article{KoganPapanikolaou2014,
	Author = {Leonid Kogan and Dimitris Papanikolaou},
    Title = {Growth Opportunities, Technology Shocks, and Asset Prices},
	Journal = {Journal of Finance},
	Number = {69},
	Pages = {675-718},
	Year = 2014}


@article{GKZ2003,
	Author = {Joao Gomes and Leonid Kogan and Lu Zhang},
    Title = {Equilibrium Cross-Section of Returns},
	Journal = {Journal of Political Economy},
	Number = {111},
	Pages = {693-732},
	Year = 2003}

@article{Cooper2003,
	Author = {Russell Cooper and Joao Ejarque},
    Title = {Financial Frictions and Investment: A Requiem in Q},
	Journal = {Review of Economic Dynamics},
	Number = {6},
	Pages = {710-28},
	Year = 2003}
	
@unpublished{Abel2014,
	Author = {Andrew B. Abel},
    Title = {The analytics of investment, q, and cash flow},
	note = {Working paper, University of Pennsylvania},
	Year = 2014}	
	
@article{Summers1981,
	Author = {Lawrence H. Summers},
    Title = {Taxation and corporate investment: A q-theory approach},
	Journal = {Brookings Papers on Economic Activity},
	Number = {1},
	Pages = {67-121},
	Year = 1981}
	
@article{KlepperLearner1984,
	Author = {Steven Klepper and Edward E. Learner},
    Title = {Consistent sets of estimates for regressions with errors in all variables},
	Journal = {Econometrica},
	Number = {42},
	Pages = {163-184},
	Year = 1984}
	
@article{Shumway2001,
	Author = {Tyler Shumway},
    Title = {Forecasting bankruptcy more accurately: A simple hazard model},
	Journal = {Journal of Business},
	Number = {71},
	Pages = {101-124},
	Year = 2001}
	
@article{Campbell2008,
	Author = {John Y. Campbell and Jens Hilscher and Jan Szilagyi},
    Title = {In Search of Distress Risk},
	Journal = {Journal of Finance},
	Number = {6},
	Pages = {2899-2939},
	Year = 2008}
			
@article{ChavaPurnanandem2010,
	Author = {Sudheer Chava and Amiyatosh Purnanadam},
    Title = {Is Default Risk Negatively Related to Stock Returns},
	Journal = {The Review of Financial Studies},
	Number = {23},
	Pages = {2523-2559},
	Year = 2010}
	
@article{EricksonWhited2006,
	Author = {Timothy Erickson and Toni M. Whited},
    Title = {On the accuracy of different measures of q},
	Journal = {Financial Management},
	Number = {35},
	Pages = {5-33},
	Year = 2006}

@article{EricksonWhited2002,
	Author = {Timothy Erickson and Toni M. Whited},
    Title = {Two-step GMM estimation of the errors-in-variables model using high-order moments},
	Journal = {Econometric Theory},
	Number = {18},
	Pages = {776-799},
	Year = 2002}

@article{EricksonWhited2012,
	Author = {Timothy Erickson and Toni M. Whited},
    Title = {Treating measurement error in Tobin's q},
	Journal = {Review of Financial Studies},
	Number = {25},
	Pages = {1286-1329},
	Year = 2012}

@article{EricksonJiangWhited2014,
	Author = {Timothy Erickson and Colin H. Jiang and Toni M. Whited},
    Title = {Minimum dstance estimation of the errors-in-variables model using linear cumulant equations},
	Journal = {Journal of Econometrics},
	Number = {183},
	Pages = {211-221},
	Year = 2014}
	
@article{PetersTaylor2017,
	Author = {Ryan H. Peters and Lucian A. Taylor},
    Title = {Intangible Capital and the investment-q Relation},
	Journal = {Journal of Financial Economics},
	Number = {2},
	Pages = {251-272},
	Year = 2017}

@article{Welch2004,
	Author = {Ivo Welch},
    Title = {Capital Structure and Stock Returns},
	Journal = {Journal of Political Economy},
	Number = {1},
	Pages = {106-131},
	Year = 2004}

@article{ChavaRoberts2008,
	Author = {Sudheer Chava and Michael R. Roberts},
    Title = {How Does Financing Impact Investment? The Role of Debt Covenants},
	Journal = {Journal of Finance},
	Number = {63},
	Pages = {2085-2121},
	Year = 2008}

@article{Choi2013,
	Author = {Jaewon Choi},
    Title = {What Drives the Value Premium? The Role of Asset Risk and Leverage},
	Journal = {Review of Financial Studies},
	Number = {11},
    Volume = {26},
	Pages = {2845-2875},
	Year = 2013}

@article{Choi2016,
	Author = {Jaewon Choi and Matthew Richardson},
    Title = {The Volatility of a Firm's Assets and the Leverage Effect},
	Journal = {Journal of Financial Economics},
	Number = {2},
    Volume = {121},
	Pages = {254-277},
	Year = 2016}

@article{Choi2018,
	Author = {Jaewon Choi and  Yongjun Kim},
    Title = {Anomalies and Market (Dis)Integration},
	Journal = {Journal of Monetary Economics},
	Number = {2},
    Volume = {100},
	Pages = {16-34},
	Year = 2018}


@unpublished{Choi2020,
	Author = {Jaewon Choi and Andres Donangelo and Yongjun Kim},
    Title = {The Dissection of Firm Returns},
	note = {Working Paper, University of Illinois},
	Year = 2020}	
	
@article{DickNielsen2009,
author    = {Jens Dick-Nielsen},
title     = {{Liquidity biases in TRACE}},
journal     ={Journal of Fixed Income},
volume      =19,
number      =2,
year        =2009,
pages       ={43--55}}

@article{DickNielsen2014,
author    = {Jens Dick-Nielsen},
title     = {{How to Clean Enhanced TRACE Data}},
journal     ={Unpublished Manuscript},
year        =2014}

@article{Bartram2020,
author    = {Soehnke Bartram and Mark Grinblatt and Yoshio Nozawa},
title     = {{Book-to-Market, Mispricing, and the Cross-Section of Corporate Bond Returns}},
journal     ={Unpublished Manuscript},
year        =2020}
	
	@article{FeldhutterSchaefer2018,
	author={Peter Feldh{\"{u}}tter and Stephen Schaefer},
	title={{The Myth of the Credit Spread Puzzle}},
	journal={Review of Financial Studies},
	volume=8,
	year=2018,
	pages={2897-2942}}
	
@article{SchaeferStrebulaev2008,
author={Stephen Schaefer and Ilya Strebulaev},
title={{Structural models of credit risk are useful: Evidence from hedge ratios on corporate bonds}},
journal={Journal of Financial Economics},
year=2008,
volume=90,
pages={1--19}}

@article{Davydenko2012,
author={Sergei Davydenko and Ilya Strebulaev and Xiaofei Zhao},
title={{A Market-Based Study of the Cost of Default}},
journal={Review of Financial Studies},
year=2012,
volume=25,
pages={3573-3609}}



@article{Sufi2009,
	Author = {Amir Sufi},
    Title = {Bank lines of credit in corporate finance: an empirical analysis},
	Journal = {Review of Financial Studies},
	Number = {22},
	Pages = {1057-1088},
	Year = 2009}

@unpublished{Davydenko2012,
	Author = {Sergei A Davydenko},
    Title = {When do firms default? A study of the default boundary},
	Journal = {Working Paper},
	Year = 2013}
